@book{agresti2012statistics,
  title={Statistics: the art and science of learning from data},
  author={Agresti, Alan and Franklin, Christine},
  year={2012},
  publisher={Pearson Higher Ed}
}

@Manual{r-stat,
  title = {R: A Language and Environment for Statistical Computing},
  author = {{R Core Team}},
  organization = {R Foundation for Statistical Computing},
  address = {Vienna, Austria},
  year = {2014},
  url = {http://www.R-project.org/},
}

@Manual{ggvis,
  title = {ggvis: Interactive grammar of graphics},
  author = {{RStudio} and {Inc.}},
  year = {2014},
  note = {R package version 0.4},
  url = {http://CRAN.R-project.org/package=ggvis},
}

@Manual{shiny,
  title = {shiny: Web Application Framework for R},
  author = {{RStudio} and {Inc.}},
  year = {2014},
  note = {R package version 0.10.2.1},
  url = {http://CRAN.R-project.org/package=shiny},
}

@Manual{rmarkdown,
  title = {rmarkdown: Dynamic Documents for R},
  author = {JJ Allaire and Jonathan McPherson and Yihui Xie and Hadley Wickham and Joe Cheng and Jeff Allen},
  year = {2014},
  note = {R package version 0.3.3},
  url = {http://CRAN.R-project.org/package=rmarkdown},
}

@inproceedings{bainomugisha2012survey,
  title={A survey on reactive programming},
  author={Bainomugisha, Engineer and Carreton, Andoni Lombide and Van Cutsem, Tom and Mostinckx, Stijn and De Meuter, Wolfgang},
  booktitle={ACM Computing Surveys},
  year={2012},
  organization={Citeseer}
}